 
@article{gupta2018issues,
  title={Issues and Effectiveness of Blockchain Technology on Digital Voting},
  author={Gupta, Aayushi and Patel, Jyotirmay and Gupta, Mansi and Gupta, Harshit},
  journal={Investopedia.(2018). Smart Contracts.[online] Available at: https://www. investopedia. com/terms/s/smart-contracts. asp [Accessed 12 Apr. 2018]},
  year={2018}
}

@inproceedings{li2019tokenization,
  title={Tokenization: Open Asset Protocol on Blockchain},
  author={Li, Xuefeng and Wu, Xiaochuan and Pei, Xin and Yao, Zhuojun},
  booktitle={2019 IEEE 2nd International Conference on Information and Computer Technologies (ICICT)},
  pages={204--209},
  year={14–17 March 2019},
  organization={Kahului, HI, USA}
}

@article{jeffersonmyth,
  title={The Myth of “Secure” Blockchain Voting},
  author={Jefferson, David},
  journal={Verified Voting}
}


 @inproceedings{lyu2019secure,
  title={A Secure Decentralized Trustless E-Voting System Based on Smart Contract},
  author={Lyu, Jiazhuo and Jiang, Zoe L and Wang, Xuan and Nong, Zhenhao and Au, Man Ho and Fang, Junbin},
  booktitle={2019 18th IEEE International Conference On Trust, Security And Privacy In Computing And Communications/13th IEEE International Conference On Big Data Science And Engineering (TrustCom/BigDataSE)},
  pages={570--577},
  year={2019},
  organization={IEEE}
}

@inproceedings{vo2019votereum,
  title={Votereum: An Ethereum-Based E-Voting System},
  author={Vo-Cao-Thuy, Linh and Cao-Minh, Khoi and Dang-Le-Bao, Chuong and Nguyen, Tuan A},
  booktitle={2019 IEEE-RIVF International Conference on Computing and Communication Technologies (RIVF)},
  pages={1--6},
  year={20–22 March 2019},  
      publisher = "IEEE",
      address   = "Danang, Vietnam" 
}

@inproceedings{khoury2018decentralized,
  title={Decentralized voting platform based on ethereum blockchain},
  author={Khoury, David and Kfoury, Elie F and Kassem, Ali and Harb, Hamza},
  booktitle={2018 IEEE International Multidisciplinary Conference on Engineering Technology (IMCET)},
  pages={1--6},
  year={2018},
  organization={IEEE}
}

@incollection{hsiao2017decentralized,
  title={Decentralized E-voting systems based on the blockchain technology},
  author={Hsiao, Jen-Ho and Tso, Raylin and Chen, Chien-Ming and Wu, Mu-En},
  booktitle={Advances in Computer Science and Ubiquitous Computing},
  pages={305--309},
  year={2017},
  publisher={Springer: Berlin/Heidelberg, Germany}
}


@article{khan2018secure,
  title={Secure digital voting system based on blockchain technology},
  author={Khan, Kashif Mehboob and Arshad, Junaid and Khan, Muhammad Mubashir},
  journal={International Journal of Electronic Government Research (IJEGR)},
  volume={14},
  number={1},
  pages={53--62},
  year={2018},
  publisher={IGI Global}
}

@inproceedings{yu2018platform,
  title={Platform-independent secure blockchain-based voting system},
  author={Yu, Bin and Liu, Joseph K and Sakzad, Amin and Nepal, Surya and Steinfeld, Ron and Rimba, Paul and Au, Man Ho},
  booktitle={International Conference on Information Security},
  pages={369--386},
  year={2018},
  organization={Springer}
}

@article{ayed2017conceptual,
  title={A conceptual secure blockchain-based electronic voting system},
  author={Ayed, Ahmed Ben},
  journal={International Journal of Network Security \& Its Applications},
  volume={9},
  number={3},
  pages={01--09},
  year={2017}
}
@inproceedings{hjalmarsson2018blockchainBAK,
  title={Blockchain-based e-voting system},
  author={Hj{\'a}lmarsson, Fri{\dh}rik {\TH} and Hrei{\dh}arsson, Gunnlaugur K and Hamdaqa, Mohammad and Hj{\'a}lmt{\`y}sson, G{\'\i}sli},
  booktitle={2018 IEEE 11th International Conference on Cloud Computing (CLOUD)},
  address={caldf},
  pages={983--986},
  month={JAN},
  year={2018}, 
  organization={IEEE}
}

@inproceedings{hjalmarsson2018blockchain,
  title={Blockchain-based e-voting system},
  author={Hj{\'a}lmarsson, Fri{\dh}rik {\TH} and Hrei{\dh}arsson, Gunnlaugur K and Hamdaqa, Mohammad and Hj{\'a}lmt{\`y}sson, G{\'\i}sli},
  booktitle={2018 IEEE 11th International Conference on Cloud Computing (CLOUD)}, 
      year      = {2-7 July 2018},
      pages     = "983--986",
      publisher = "IEEE",
      address   = "San Francisco, CA, USA" 
}

@article{tarasov2017future,
  title={THE FUTURE OF E-VOTING.},
  author={Tarasov, Pavel and Tewari, Hitesh},
  journal={IADIS International Journal on Computer Science \& Information Systems},
  volume={12},
  number={2},
  year={2017}
}

@article{sadia2019blockchain,
  title={Blockchain Based Secured E-voting by Using the Assistance of Smart Contract},
  author={Sadia, Kazi and Masuduzzaman, Md and Paul, Rajib Kumar and Islam, Anik},
  journal={arXiv preprint arXiv:1910.13635},
  year={2019}
}

@misc{gaudry2019breaking,
    title={Breaking the encryption scheme of the Moscow Internet voting system},
    author={Pierrick Gaudry and Alexander Golovnev},
    year={2019},
    eprint={1908.05127},
    archivePrefix={arXiv},
    primaryClass={cs.CR}
}

@article{buterin2013ethereum,
  title={Ethereum white paper},
  author={Buterin, Vitalik and others},
  journal={GitHub repository},
  volume={1},
  pages={22--23},
  year={2013}
}


@article{nakamoto2008bitcoin,
  title={Bitcoin whitepaper},
  author={Nakamoto, Satoshi},
  journal={URL: https://bitcoin. org/bitcoin},
  year={2008},
  note = {(Accessed on 06/03/2020)}
}

@misc{tam_2018, title={Secret Voting Smart Contract with Enigma: A Walkthrough}, url={https://blog.enigma.co/secret-voting-smart-contracts-with-enigma-a-walkthrough-5bb976164753}, journal={Medium}, publisher={Enigma}, author={Tam, Andrew}, year={2018}, month={Nov}}

@misc{buterin_2019, title={On Collusion}, url={https://vitalik.ca/general/2019/04/03/collusion.html}, journal={Vitalik}, author={Buterin, Vitalik}, year={2019}, month={Apr}}

@misc{ethereum, title={On sharding blockchains}, url={https://github.com/ethereum/wiki/wiki/Sharding-FAQ}, journal={GitHub}, author={Ethereum}}


@inproceedings{hardwick2018voting,
  title={E-voting with blockchain: An e-voting protocol with
decentralisation and voter privacy},
  author={Hardwick, Freya Sheer and Gioulis, Apostolos and Akram, Raja
Naeem and Markantonakis, Konstantinos},
  booktitle={2018 IEEE International Conference on Internet of Things
(iThings) and IEEE Green Computing and Communications (GreenCom) and IEEE
Cyber, Physical and Social Computing (CPSCom) and IEEE Smart Data
(SmartData)},
  pages={1561--1567},
  year={2018},
  organization={IEEE}
}


@article{casado2018blockchain,
  title={Blockchain for democratic voting: how blockchain could cast of
voter fraud},
  author={Casado-Vara, Roberto and CoRCHaDo, Juan M},
  journal={Oriental journal of computer science and technology},
  volume={11},
  number={1},
  pages={01--03},
  year={2018}
}

@article{kshetri2018blockchain,
  title={Blockchain-enabled e-voting},
  author={Kshetri, Nir and Voas, Jeffrey},
  journal={IEEE Software},
  volume={35},
  number={4},
  pages={95--99},
  year={2018},
  publisher={IEEE}
}

@article{osgood2016future,
  title={The future of democracy: Blockchain voting},
  author={Osgood, Ryan},
  journal={COMP116: Information security},
  pages={1--21},
  year={2016}
}

@article{liu2017voting,
  title={An E-voting Protocol Based on Blockchain.},
  author={Liu, Yi and Wang, Qi},
  journal={IACR Cryptology ePrint Archive},
  volume={2017},
  pages={1043},
  year={2017}
}

@article{sun2019simple,
  title={A simple voting protocol on quantum blockchain},
  author={Sun, Xin and Wang, Quanlong and Kulicki, Piotr and Sopek, Mirek},
  journal={International Journal of Theoretical Physics},
  volume={58},
  number={1},
  pages={275--281},
  year={2019},
  publisher={Springer}
}


@inproceedings{andos,
  title={All-or-nothing disclosure of secrets},
  author={Brassard, Gilles and Cr{\'e}peau, Claude and Robert, Jean-Marc},
  booktitle={Conference on the Theory and Application of Cryptographic Techniques},
  pages={234--238},
  year={1986},
  organization={Springer: Berlin/Heidelberg, Germany}
}

@book{applied_cryptography,
  title = {Applied Cryptography (2nd Ed.): Protocols, Algorithms, and Source Code in C},
    author={Schneier, Bruce},
    year={2007},
    chapter={23.9; 5.3},
    isbn = {0471117099},
    publisher = {John Wiley \& Sons, Inc.},
    address = {USA}
}


@article{salomaa1990secret,
  title={Secret selling of secrets with several buyers},
  author={Salomaa, Arto and Santean, Lila},
  journal={Bulletin of the EATCS},
  volume={42},
  pages={178--186},
  year={1990}
}




@INPROCEEDINGS{7546535,
author={V. {Cortier} and D. {Galindo} and R. {Küsters} and J. {Müller} and T. {Truderung}},
booktitle={2016 IEEE Symposium on Security and Privacy (SP)},
title={SoK: Verifiability Notions for E-Voting Protocols},
year={2016},
volume={},
number={},
pages={779-798},
keywords={fuzzy set theory;government data processing;security of data;e-voting system verifiability;verifiability uniform treatment;KTV framework;Kuesters, Truderung, and Vogt framework;fuzzy state;protocol classes;verifiability formal definition;malicious servers;programming errors;voting devices;national elections;security property;correct vote counting;external auditors;electronic voting protocols;e-voting protocols;verifiability notions;SoK;Protocols;Nominations and elections;Electronic voting;Security;Computational modeling;Servers;Programming;e-voting;verifiability;protocol analysis},
doi={10.1109/SP.2016.52},
ISSN={2375-1207},
month={May},}

@InProceedings{blindsignatureschaum,
author="Chaum, David",
editor="Chaum, David
and Rivest, Ronald L.
and Sherman, Alan T.",
title="Blind Signatures for Untraceable Payments",
booktitle="Advances in Cryptology",
year="1983",
publisher="Springer US",
address="Boston, MA",
pages="199--203",
abstract="Automation of the way we pay for goods and services is already underway, as can be seen by the variety and growth of electronic banking services available to consumers. The ultimate structure of the new electronic payments system may have a substantial impact on personal privacy as well as on the nature and extent of criminal use of payments. Ideally a new payments system should address both of these seemingly conflicting sets of concerns.",
isbn="978-1-4757-0602-4"
}

@article{mazieres2015stellar,
  title={The stellar consensus protocol: A federated model for internet-level consensus},
  author={Mazieres, David},
  journal={Stellar Development Foundation},
  volume={32},
  year={2015},
  publisher={Citeseer}
}

@inproceedings{adida2008helios,
  title={Helios: Web-based Open-Audit Voting.},
  author={Adida, Ben},
  booktitle={USENIX security symposium},
  volume={17},
  pages={335--348},
  year={2008}
}

@article{zhang2019ques,
  title={Ques-Chain: an Ethereum Based E-Voting System},
  author={Zhang, Qixuan and Xu, Bowen and Jing, Haotian and Zheng, Zeyu},
  journal={arXiv preprint arXiv:1905.05041},
  year={2019}
}

@misc{Analysis57:online,
author = {},
title = {Analysis of the DAO exploit},
howpublished = {\url{https://hackingdistributed.com/2016/06/18/analysis-of-the-dao-exploit/}},
month = {},
year = {},
note = {(Accessed on 06/03/2020)}
}

@misc{Personal27:online,
author = {},
title = {Personal Tokens},
howpublished = {\url{https://www.personaltokens.io/}},
month = {},
year = {},
note = {(Accessed on 06/18/2020)}
}

@article{fischer1985impossibility,
  title={Impossibility of distributed consensus with one faulty process},
  author={Fischer, Michael J and Lynch, Nancy A and Paterson, Michael S},
  journal={Journal of the ACM (JACM)},
  volume={32},
  number={2},
  pages={374--382},
  year={1985},
  publisher={ACM New York, NY, USA}
}

@article{sayeed2019assessing,
  title={Assessing blockchain consensus and security mechanisms against the 51\% attack},
  author={Sayeed, Sarwar and Marco-Gisbert, Hector},
  journal={Applied Sciences},
  volume={9},
  number={9},
  pages={1788},
  year={2019},
  publisher={Multidisciplinary Digital Publishing Institute}
}

@inproceedings{kim2019stellar,
  title={Is Stellar as secure as you think?},
  author={Kim, Minjeong and Kwon, Yujin and Kim, Yongdae},
  booktitle={2019 IEEE European Symposium on Security and Privacy Workshops (EuroS\&PW)},
  pages={377--385},
  year={17–19 June 2019},
      publisher = "IEEE",
      address   = "Stockholm, Sweden"  
}

@misc{Safetyvs90:online,
author = {},
title = {Safety vs. Liveness in the Stellar Network},
howpublished = {\url{https://www.scs.stanford.edu/~dm/blog/safety-vs-liveness.html}},
month = {},
year = {},
note = {(Accessed on 07/07/2020)}
}

@inproceedings{castro1999practical,
  title={Practical Byzantine fault tolerance},
  author={Castro, Miguel and Liskov, Barbara and others},
  booktitle={OSDI},
  volume={99},
  number={1999},
  pages={173--186},
  year={1999}
}

@inproceedings{qadah2005requirements,
  title={Requirements, design and implementation of an e-voting system.},
  author={Qadah, Ghassan Z},
  booktitle={IADIS AC},
  pages={405--409},
  year={22–25 February, 2005},
  organization={Algarve, Portugal}
}

@misc{StellarC85:online,
author = {},
title = {Stellar Community Fund},
howpublished = {\url{https://www.stellar.org/community-fund}},
month = {},
year = {},
note = {(Accessed on 07/10/2020)}
}

@article{shamir1979share,
  title={How to share a secret},
  author={Shamir, Adi},
  journal={Communications of the ACM},
  volume={22},
  number={11},
  pages={612--613},
  year={1979},
  publisher={ACm New York, NY, USA}
}
@misc{CoinJoin41:online,
author = {},
title = {CoinJoin: Bitcoin privacy for the real world},
howpublished = {\url{https://bitcointalk.org/?topic=279249}},
month = {},
year = {},
note = {(Accessed on 07/11/2020)}
}

@misc{van2013cryptonote,
  title={CryptoNote v 2.0},
  author={Van Saberhagen, Nicolas},
  year={2013}
}
@inproceedings{sasson2014zerocash,
  title={Zerocash: Decentralized anonymous payments from bitcoin},
  author={Sasson, Eli Ben and Chiesa, Alessandro and Garman, Christina and Green, Matthew and Miers, Ian and Tromer, Eran and Virza, Madars},
  booktitle={2014 IEEE Symposium on Security and Privacy},
  pages={459--474},
  year={2014},
  organization={IEEE}
}

@misc{Polyswhi43:online,
author = {},
title = {Polys\_whitepaper.pages},
howpublished = {\url{https://polys.blob.core.windows.net/site/Polys_whitepaper.pdf}},
month = {},
year = {},
note = {(Accessed on 07/13/2020)}
}

@misc{Channels80:online,
author = {},
title = {Channels – Stellar Documentation},
howpublished = {\url{https://developers.stellar.org/docs/glossary/payment-channels/}},
month = {},
year = {},
note = {(Accessed on 07/13/2020)}
}

% Polys - system do głosowania: https://polys.blob.core.windows.net/site/Polys_whitepaper.pdf
% POlys wolograd - najwieksze głosowanie: https://polys.me/success-stories/volgograd
% https://polys.me/assets/docs/Polys_whitepaper.pdf.

@misc{polys:online,
author = {},
title = {Polys online voting system – Whitepaper},
howpublished = {\url{https://polys.me/assets/docs/Polys_whitepaper.pdf}},
month = {},
year = {},
note = {(Accessed on 07/15/2020)}
}

@misc{moore2019under,
  title={Under the hood: The West Virginia mobile voting pilot (2019)},
  author={Moore, Larry and Sawhney, Nimit},
  year={2019} 
}

@article{voatz:specter2020ballot,
  title={The Ballot is Busted Before the Blockchain: A Security Analysis of Voatz, the First Internet Voting Application Used in US Federal Elections},
  author={Specter, Michael A and Koppel, James and Weitnzer, D},
  journal={Preprint available at: https://internetpolicy. mit. edu/wp-content/uploads/2020/02/SecurityAnalysisOfVoatz\_Public. pdf},
  year={2020},
  note = {(Accessed on 07/15/2020)}
}

@misc{tivi:online,
author = {},
title = {TIVI online voting system},
howpublished = {\url{https://tivi.io}},
month = {},
year = {},
note = {(Accessed on 07/28/2020)}
}

@article{tivi:krips2018internet,
  title={An Internet Voting Protocol with Distributed Verification Receipt Generation},
  author={Krips, Kristjan and Kubjas, Ivo and Willemson, Jan},
  journal={E-Vote-ID 2018, Bregenz, Austria, 2–5 October},
  pages={128}, 
  year={2018}
}

@article{benet2014ipfs,
  title={Ipfs-content addressed, versioned, p2p file system},
  author={Benet, Juan},
  journal={arXiv preprint arXiv:1407.3561},
  year={2014}
}

@book{balinski2011majority,
  title={Majority judgment: measuring, ranking, and electing},
  author={Balinski, Michel and Laraki, Rida},
  year={2011},
  publisher={MIT Press: Cambridge, MA, USA}
}

@misc{poon2016bitcoin,
  title={The bitcoin lightning network: Scalable off-chain instant payments},
  author={Poon, Joseph and Dryja, Thaddeus},
  year={2016}
}

@misc{Lightnin14:online,
author = {},
title = {Lightning on Stellar: Technical Spec and Roadmap - Developers Blog},
howpublished = {\url{https://www.stellar.org/developers-blog/lightning-on-stellar-roadmap}},
month = {},
year = {},
note = {(Accessed on 07/31/2020)}
}

@misc{interste55:online,
author = {},
title = {interstellar/starlight: Payment channels on Stellar},
howpublished = {\url{https://github.com/interstellar/starlight}},
month = {},
year = {},
note = {(Accessed on 10/12/2020)}
}

@misc{Protocol19:online,
author = {},
title = {Protocol 11 Improvements - SDF Blog},
howpublished = {\url{https://www.stellar.org/blog/protocol-11-improvements-stellar}},
month = {},
year = {},
note = {(Accessed on 07/31/2020)}
}

@misc{StellarN45:online,
author = {},
title = {Stellar Network Dashboard},
howpublished = {\url{https://dashboard.stellar.org/}},
month = {},
year = {},
note = {(Accessed on 07/31/2020)}
}

@misc{Securing5:online,
author = {},
title = {Securing Web-based Projects – Stellar Documentation},
howpublished = {\url{https://developers.stellar.org/docs/tutorials/securing-projects/}},
month = {},
year = {},
note = {(Accessed on 08/08/2020)}
}

@misc{StellarC62:online,
author = {},
title = {Stellar Community Fund: Round 4 Results | by Tyler van der Hoeven | Stellar Community | Medium},
howpublished = {\url{https://medium.com/stellar-community/stellar-community-fund-round-4-results-b3ed5f6acbe1}},
month = {},
year = {},
note = {(Accessed on 08/30/2020)}
}

@article{king2012ppcoin,
  title={Ppcoin: Peer-to-peer crypto-currency with proof-of-stake},
  author={King, Sunny and Nadal, Scott},
  journal={self-published paper, August},
  volume={19},
  pages={1},
  year={2012}
}

@misc{whitepap24:online,
author = {},
title = {whitepaperSLM.pdf},
howpublished = {\url{https://slimcoin.info/whitepaperSLM.pdf}},
month = {},
year = {},
note = {(Accessed on 08/28/2020)}
}

@misc{NEMtechR25:online,
author = {},
title = {NEM\_techRef.pdf},
howpublished = {\url{https://nemplatform.com/wp-content/uploads/2020/05/NEM_techRef.pdf}},
month = {},
year = {},
note = {(Accessed on 08/28/2020)}
}

@inproceedings{ongaro2014search,
  title={In search of an understandable consensus algorithm},
  author={Ongaro, Diego and Ousterhout, John},
  booktitle={2014 $\{$USENIX$\}$ Annual Technical Conference ($\{$USENIX$\}$$\{$ATC$\}$ 14)},
  pages={305--319},
  year={19–20 June 2014},
  publisher = "Philadelphia, PA, USA" 
}

@incollection{lamport2019part,
  title={The part-time parliament},
  author={Lamport, Leslie},
  booktitle={Concurrency: the Works of Leslie Lamport},
  pages={277--317},
  year={2019}
}

@article{lamport2001paxos,
  title={Paxos made simple},
  author={Lamport, Leslie and others},
  journal={ACM Sigact News},
  volume={32},
  number={4},
  pages={18--25},
  year={2001}
}

@incollection{lamport2019byzantine,
  title={The Byzantine generals problem},
  author={Lamport, Leslie and Shostak, Robert and Pease, Marshall},
  booktitle={Concurrency: the Works of Leslie Lamport},
  pages={203--226},
  year={2019},
  publisher = "ACM",
      address   = " New York, NY, USA" 
}

@misc{WhyQuoru96:online,
author = {},
title = {Why Quorums Matter and How Stellar Approaches Them - Developers Blog},
howpublished = {\url{https://www.stellar.org/developers-blog/why-quorums-matter-and-how-stellar-approaches-them}},
month = {},
year = {},
note = {(Accessed on 10/12/2020)}
}

@article{DBLP:journals/corr/abs-1902-06493,
  author    = {Lukasz Lachowski},
  title     = {Complexity of the quorum intersection property of the Federated Byzantine
               Agreement System},
  journal   = {CoRR}, 
  year      = {2019},
  url       = {http://arxiv.org/abs/1902.06493},
  archivePrefix = {arXiv}, 
  timestamp = {Tue, 21 May 2019 18:03:36 +0200},
  biburl    = {https://dblp.org/rec/journals/corr/abs-1902-06493.bib},
  bibsource = {dblp computer science bibliography, https://dblp.org}
}