@misc{gaudry2019breaking,
    title={Breaking the encryption scheme of the Moscow Internet voting system},
    author={Pierrick Gaudry and Alexander Golovnev},
    year={2019},
    eprint={1908.05127},
    archivePrefix={arXiv},
    primaryClass={cs.CR}
}

@article{buterin2013ethereum,
  title={Ethereum white paper},
  author={Buterin, Vitalik and others},
  journal={GitHub repository},
  volume={1},
  pages={22--23},
  year={2013}
}


@article{nakamoto2008bitcoin,
  title={Bitcoin whitepaper},
  author={Nakamoto, Satoshi},
  journal={URL: https://bitcoin. org/bitcoin},
  year={2008}
}

@misc{tam_2018, title={Secret Voting Smart Contract with Enigma: A Walkthrough}, url={https://blog.enigma.co/secret-voting-smart-contracts-with-enigma-a-walkthrough-5bb976164753}, journal={Medium}, publisher={Enigma}, author={Tam, Andrew}, year={2018}, month={Nov}}

@misc{buterin_2019, title={On Collusion}, url={https://vitalik.ca/general/2019/04/03/collusion.html}, journal={Vitalik}, author={Buterin, Vitalik}, year={2019}, month={Apr}}

@misc{ethereum, title={On sharding blockchains}, url={https://github.com/ethereum/wiki/wiki/Sharding-FAQ}, journal={GitHub}, author={Ethereum}}


@inproceedings{hardwick2018voting,
  title={E-voting with blockchain: An e-voting protocol with
decentralisation and voter privacy},
  author={Hardwick, Freya Sheer and Gioulis, Apostolos and Akram, Raja
Naeem and Markantonakis, Konstantinos},
  booktitle={2018 IEEE International Conference on Internet of Things
(iThings) and IEEE Green Computing and Communications (GreenCom) and IEEE
Cyber, Physical and Social Computing (CPSCom) and IEEE Smart Data
(SmartData)},
  pages={1561--1567},
  year={2018},
  organization={IEEE}
}


@article{casado2018blockchain,
  title={Blockchain for democratic voting: how blockchain could cast of
voter fraud},
  author={Casado-Vara, Roberto and CoRCHaDo, Juan M},
  journal={Oriental journal of computer science and technology},
  volume={11},
  number={1},
  pages={01--03},
  year={2018}
}

@article{kshetri2018blockchain,
  title={Blockchain-enabled e-voting},
  author={Kshetri, Nir and Voas, Jeffrey},
  journal={IEEE Software},
  volume={35},
  number={4},
  pages={95--99},
  year={2018},
  publisher={IEEE}
}

@article{osgood2016future,
  title={The future of democracy: Blockchain voting},
  author={Osgood, Ryan},
  journal={COMP116: Information security},
  pages={1--21},
  year={2016}
}

@article{liu2017voting,
  title={An E-voting Protocol Based on Blockchain.},
  author={Liu, Yi and Wang, Qi},
  journal={IACR Cryptology ePrint Archive},
  volume={2017},
  pages={1043},
  year={2017}
}


@inproceedings{andos,
  title={All-or-nothing disclosure of secrets},
  author={Brassard, Gilles and Cr{\'e}peau, Claude and Robert, Jean-Marc},
  booktitle={Conference on the Theory and Application of Cryptographic Techniques},
  pages={234--238},
  year={1986},
  organization={Springer}
}

@book{applied_cryptography,
  title = {Applied Cryptography (2nd Ed.): Protocols, Algorithms, and Source Code in C},
    author={Schneier, Bruce},
    year={2007},
    chapter={23.9; 5.3},
    isbn = {0471117099},
    publisher = {John Wiley \& Sons, Inc.},
    address = {USA}
}


@article{salomaa1990secret,
  title={Secret selling of secrets with several buyers},
  author={Salomaa, Arto and Santean, Lila},
  journal={Bulletin of the EATCS},
  volume={42},
  pages={178--186},
  year={1990}
}




@INPROCEEDINGS{7546535,
author={V. {Cortier} and D. {Galindo} and R. {Küsters} and J. {Müller} and T. {Truderung}},
booktitle={2016 IEEE Symposium on Security and Privacy (SP)},
title={SoK: Verifiability Notions for E-Voting Protocols},
year={2016},
volume={},
number={},
pages={779-798},
keywords={fuzzy set theory;government data processing;security of data;e-voting system verifiability;verifiability uniform treatment;KTV framework;Kuesters, Truderung, and Vogt framework;fuzzy state;protocol classes;verifiability formal definition;malicious servers;programming errors;voting devices;national elections;security property;correct vote counting;external auditors;electronic voting protocols;e-voting protocols;verifiability notions;SoK;Protocols;Nominations and elections;Electronic voting;Security;Computational modeling;Servers;Programming;e-voting;verifiability;protocol analysis},
doi={10.1109/SP.2016.52},
ISSN={2375-1207},
month={May},}

@InProceedings{blindsignatureschaum,
author="Chaum, David",
editor="Chaum, David
and Rivest, Ronald L.
and Sherman, Alan T.",
title="Blind Signatures for Untraceable Payments",
booktitle="Advances in Cryptology",
year="1983",
publisher="Springer US",
address="Boston, MA",
pages="199--203",
abstract="Automation of the way we pay for goods and services is already underway, as can be seen by the variety and growth of electronic banking services available to consumers. The ultimate structure of the new electronic payments system may have a substantial impact on personal privacy as well as on the nature and extent of criminal use of payments. Ideally a new payments system should address both of these seemingly conflicting sets of concerns.",
isbn="978-1-4757-0602-4"
}

@article{mazieres2015stellar,
  title={The stellar consensus protocol: A federated model for internet-level consensus},
  author={Mazieres, David},
  journal={Stellar Development Foundation},
  volume={32},
  year={2015},
  publisher={Citeseer}
}